% ********************************************************************************************
%  Triangle mesh Generation 
% ********************************************************************************************

@Article\{shewchuk,
 author  = "Janathan Richard Shewchuk",
 title   = "Delaunay Refinement Algorithms for Triangular Mesh Generation", 
 address = {Dept. of Electrial Engineering and Computer Science, Univ. of
 California at Berkeley, Berkeley, CA 94720}
}

@Article\{dey,
 author  = "Siu-Wing Cheng, Tamal K. Deyi, Edgar A. Ramos, Tathagata Ray",
 title   = "Sampling and Meshing a Surface with Guaranteed Topology and
 Geometry", 
 address = {Dept. of Computer Science and Engineering, Ohio State Univ. Ohio,
 US}
}

@Article\{Dyer,
 author  = "Ramsay Dyer, Hao Zhang, and Torsten Moller",
 title   = "A survey of Delaunay structures for surface representation", 
 address = {GrUVi Lab, School of Computing Science, Simon Fraser Univesity,
 Canada}
 year       = "2009"
}

% ********************************************************************************************
% Surface Parameterization Approaches ....
% ********************************************************************************************

@inproceedings{882275,
 author = {Khodakovsky, Andrei and Litke, Nathan and Schr\"{o}der, Peter},
 title = {Globally smooth parameterizations with low distortion},
 booktitle = {SIGGRAPH '03: ACM SIGGRAPH 2003 Papers},
 year = {2003},
 isbn = {1-58113-709-5},
 pages = {350--357},
 location = {San Diego, California},
 publisher = {ACM},
 address = {New York, NY, USA},
}

@article{1183297,
 author = {Ray, Nicolas and Li, Wan Chiu and L\'{e}vy, Bruno and Sheffer, Alla
 and Alliez, Pierre},
 title = {Periodic global parameterization},
 journal = {ACM Trans. Graph.},
 volume = {25},
 number = {4},
 year = {2006},
 issn = {0730-0301},
 pages = {1460--1485},
 publisher = {ACM},
 address = {New York, NY, USA},
}

@inproceedings{1508091,
 author = {Hormann, Kai and Polthier, Konrad and Sheffer, Alia},
 title = {Mesh parameterization: theory and practice},
 booktitle = {SIGGRAPH Asia '08: ACM SIGGRAPH ASIA 2008 courses},
 year = {2008},
 pages = {1--87},
 location = {Singapore},
 publisher = {ACM},
 address = {New York, NY, USA},
}

@inproceedings{1264182,
 author = {Dong, Shen and Garland, Michael},
 title = {Iterative Methods for Improving Mesh Parameterizations},
 booktitle = {SMI '07: Proceedings of the IEEE International Conference on
 Shape Modeling and Applications 2007},
 year = {2007},
 isbn = {0-7695-2815-5},
 pages = {199--210},
 publisher = {IEEE Computer Society},
 address = {Washington, DC, USA},
}

@Article\{Ioana,
 author  = "Ioana Boier-Martinm Holly Rushmeier and Jingyi Jin",
 title   = "Parameterization of Triangle meshes over Quadrilateral Domains", 
 journal = "Eurographics Symposium on Geometry Processing, editors, R. Scopigno, and D. Zorin",
 year    = "2004"
}

@Article\{Floater,
 author     = "M.S.Floater and K. Hormann",
 title      = "Surface parameterizatio: a tutorial and survet",
 journal    = "In N.A.Dodgson, M.S. Floater, and M.A.Sabin, editors,
 Multiresolution in Geometric Modelling",
 publisher = {Springer-Verlag},
 year       = "2004"
}



%**********************************************************************************************
% Harmmoic functions + Spectral Approach ...
%**********************************************************************************************

@article{1099157,
 author = {Dong, S. and Kircher, S. and Garland, M.},
 title  = {Harmonic functions for quadrilateral remeshing of arbitrary
          manifolds},
 journal = {Comput. Aided Geom. Des.},
 volume = {22},
 number = {5},
 year = {2005},
 issn = {0167-8396},
 pages = {392--423},
 publisher = {Elsevier Science Publishers B. V.},
 address = {Amsterdam, The Netherlands, The Netherlands},
}

@inproceedings{1141993,
 author = {Dong, Shen and Bremer, Peer-Timo and Garland, Michael and Pascucci,
 Valerio and Hart, John C.},
 title = {Spectral surface quadrangulation},
 booktitle = {SIGGRAPH '06: ACM SIGGRAPH 2006 Papers},
 year = {2006},
 isbn = {1-59593-364-6},
 pages = {1057--1066},
 location = {Boston, Massachusetts},
 publisher = {ACM},
 address = {New York, NY, USA},
}

@inproceedings{1281983,
author = {Tong, Y. and Alliez, P. and Cohen-Steiner, D. and Desbrun, M.},
title = {Designing quadrangulations with discrete harmonic forms},
booktitle = {SGP '06: Proceedings of the fourth Eurographics symposium on
Geometry processing},
year = {2006},
isbn = {30905673-36-3},
pages = {201--210},
location = {Cagliari, Sardinia, Italy},
publisher = {Eurographics Association},
address = {Aire-la-Ville, Switzerland, Switzerland},
}

@inproceedings{1409100,
 author = {Huang, Jin and Zhang, Muyang and Ma, Jin and Liu, Xinguo and
 Kobbelt, Leif and Bao, Hujun},
 title = {Spectral quadrangulation with orientation and alignment control},
 booktitle = {SIGGRAPH Asia '08: ACM SIGGRAPH Asia 2008 papers},
 year = {2008},
 pages = {1--9},
 location = {Singapore},
 publisher = {ACM},
 address = {New York, NY, USA},
}

@inproceedings{1364942,
 author = {Schall, Oliver and Zayer, Rhaleb and Seidel, Hans-Peter},
 title = {Controlled field generation for quad-remeshing},
 booktitle = {SPM '08: Proceedings of the 2008 ACM symposium on Solid and
 physical modeling},
 year = {2008},
 isbn = {978-1-60558-106-2},
 pages = {295--300},
 location = {Stony Brook, New York},
 publisher = {ACM},
 address = {New York, NY, USA},
 }

@inproceedings{1015769,
 author = {Ni, Xinlai and Garland, Michael and Hart, John C.},
 title = {Fair morse functions for extracting the topological structure of a
 surface mesh},
 booktitle = {SIGGRAPH '04: ACM SIGGRAPH 2004 Papers},
 year = {2004},
 pages = {613--622},
 location = {Los Angeles, California},
 publisher = {ACM},
 address = {New York, NY, USA},
}


% **********************************************************************************************
% Triangle to Quad Transformation...
% **********************************************************************************************

@Article\{QMorph,
 author     = " S.J. Owen, M.L. Staten, S.A.Canann, S. Saigal",
 title      = " Q-Morph: An Indirect Approach to Advancing Front Quad Meshing",
 journal    = "International Journal for Numerical Methods in Engineering",
 number     = "44",
 pages      = {1317--1340},
 year       = "1999"
}

@inproceedings{1542379,
 author = {Hine, Scott and Atalay, F. Betul and Xu, Dianna and Ramaswami,
 Suneeta},
 title = {Quadrilateral meshes with bounded minimum angle},
 booktitle = {SCG '09: Proceedings of the 25th annual symposium on
 Computational geometry},
 year = {2009},
 isbn = {978-1-60558-501-7},
 pages = {90--91},
 location = {Aarhus, Denmark},
 publisher = {ACM},
 address = {New York, NY, USA},
}

@article{289856,
 author = {Ramaswami, Suneeta and Ramos, Pedro and Toussaint, Godfried},
 title = {Converting triangulations to quadrangulations},
 journal = {Comput. Geom. Theory Appl.},
 volume = {9},
 number = {4},
 year = {1998},
 issn = {0925-7721},
 pages = {257--276},
 publisher = {Elsevier Science Publishers B. V.},
 address = {Amsterdam, The Netherlands, The Netherlands},
}

@inproceedings{1347103,
 author = {Rutter, Ignaz and Wolff, Alexander},
 title = {Computing large matchings fast},
 booktitle = {SODA '08: Proceedings of the nineteenth annual ACM-SIAM
 symposium on Discrete algorithms},
 year = {2008},
 pages = {183--192},
 location = {San Francisco, California},
 publisher = {Society for Industrial and Applied Mathematics},
 address = {Philadelphia, PA, USA},
}

@article{765770,
 author = {Bose, Prosenjit and Ramaswami, Suneeta and Toussaint, Godfried and
 Turki, Alain},
 title = {Experimental results on quadrangulations of sets of fixed points},
 journal = {Comput. Aided Geom. Des.},
 volume = {19},
 number = {7},
 year = {2002},
 issn = {0167-8396},
 pages = {533--552},
 publisher = {Elsevier Science Publishers B. V.},
 address = {Amsterdam, The Netherlands, The Netherlands},
}


%**********************************************************************************************
% Other Approaches; Circle Packing ..
%**********************************************************************************************

@inproceedings{1531383,
 author = {Bommes, David and Zimmer, Henrik and Kobbelt, Leif},
 title = {Mixed-integer quadrangulation},
 booktitle = {SIGGRAPH '09: ACM SIGGRAPH 2009 papers},
 year = {2009},
 isbn = {978-1-60558-726-4},
 pages = {1--10},
 location = {New Orleans, Louisiana},
 publisher = {ACM},
 address = {New York, NY, USA},
}

@Article\{Lo,
 author     = " S.H. Lo",
 title      = "Generating Quadrilateral Elements on Plane and Over Curved Surface", 
 journal    = "Comput. Struct.",
 number     = "31",
 pages      = {421-426},
 year       = "1989"
}

@Article\{Johnston,
 author     = "B.P. Johnston, J.M. Sullivan, and A.Kwasnik",
 title      = "Automatic conversion of finite element meshes to quadrilateral elements", 
 journal    = "Int. J. Numer. Meth. Engng.",
 number     = "31",
 pages      = {67-84},
 year       = "1991"
}


@Article\{Joe,
 author     = "B. Joe",
 title      = "Quadrilateral mesh generation in polygonal regions", 
 journal    = "Comput. Aid. Des.",
 pages      = {229-222},
 year       = "1995"
}

@Article\{Blacker,
 author     = "T.D.Blacker and M.B. Stephension",
 title      = "Paving: A new approach to automated quadrilateral mesh
 generaton",  
 journal    = "Int. J. Numer. Meth. Engng.",
 number     = "32",
 pages      = {881-847},
 year       = "1991"
}

@Article\{Bern,
 author  = "Marshall Bern, David Eppstein",
 title   = "Quadrilateral Meshing by Circle Packing", 
 address = {Dept. of Information and Computer Science, Univ. of California,
 Irvine, CA, 92697},
}


@Article\{Erickson,
 author     = "J. Erickson and S. Har-Peled",
 title      = "Optimally cutting a surface into a disk",
 journal    = "Proc. of the 18th Annual ACM Symposium on Computational
 Geometry",
 pages      = {244-253},
 year       = "2002"
}


% *********************************************************************************************
% Mesh Cleanup and Adaptation ...
% *********************************************************************************************

@inproceedings{1735627,
 author = {Daniels,II, Joel and Silva, Claudio T. and Cohen, Elaine},
 title = {Localized quadrilateral coarsening},
 booktitle = {SGP '09: Proceedings of the Symposium on Geometry Processing},
 year = {2009},
 pages = {1437--1444},
 location = {Berlin, Germany},
 publisher = {Eurographics Association},
 address = {Aire-la-Ville, Switzerland, Switzerland},
}

@Article\{TPCPP10,
 author       = "Tarini, Marco and Pietroni, Nico and Cignoni, Paolo and
 Panozzo, Daniele and Puppo, Enrico",
 title        = "Practical quad mesh simplification",
 journal      = "Computer Graphics Forum (Special Issue of Eurographics
 2010 Conference)",
 number       = "2",
 volume       = "29",
 year         = "2010",
 url          = "http://vcg.isti.cnr.it/Publications/2010/TPCPP10"
}

@Article\{Canann,
 author     = "S.A.Canann, S. Muthukrishnan and B. Phillips",
 title      = "Topological improvements procedures for quadrilateral and
 trianglar finite element meshes", 
 journal    = "Proc. 3rd Int. Meshing Rountable",
 pages      = {559-588},
 year       = "1994"
}

% 23
@Article\{Staten,
 author     = "M.L.Staten and S.A. Canann",
 title      = "Post refinement element shape improvement for quadrilateral meshes", 
 journal    = "Trends in Unstructured Mesh Generation, ASME, ASME and AMD",
 number     = "220",
 pages      = {9-16},
 year       = "1997"
}

@Article\{Kinney,
 author     = "P. Kinney",
 title      = "CleanUp: improving quadrilateral finite element meshes", 
 journal    = "Proc. 6th Int. Meshing Rountable",
 pages      = {449-461},
 year       = "1995"
}


% *********************************************************************************************
%  Misc ....
% *********************************************************************************************

@inproceedings{1575194,
 author = {Bremner, David and Hurtado, Ferran and Ramaswami, Suneeta and
 Sacrist\'{a}n, Vera},
 title = {Small Convex Quadrangulations of Point Sets},
 booktitle = {ISAAC '01: Proceedings of the 12th International Symposium on
 Algorithms and Computation},
 year = {2001},
 isbn = {978-3-540-42985-2},
 pages = {623--635},
 location = {Christchurch, New Zealand},
 publisher = {Springer-Verlag},
 address = {Berlin, Heidelberg},
}

@article{509233,
 author = {Berman, Piotr and DasGupta, Bhaskar and Muthukrishnan, S. and
 Ramaswami, Suneeta},
 title = {Efficient approximation algorithms for tiling and packing problems
 with rectangles},
 journal = {J. Algorithms},
 volume = {41},
 number = {2},
 year = {2001},
 issn = {0196-6774},
 pages = {443--470},
 publisher = {Academic Press, Inc.},
 address = {Duluth, MN, USA},
}
